<?xml version="1.0" encoding="UTF-8"?><collection xmlns="http://www.loc.gov/MARC21/slim"><record><leader>00369nam--2200145-i-4500</leader><controlfield tag="001">000023457</controlfield><controlfield tag="002">20161230</controlfield><controlfield tag="005">20161230201035</controlfield><controlfield tag="008">060222s1000------------r-----000-0-eng-d</controlfield><datafield ind1=" " ind2=" " tag="080"><subfield code="a">539.2</subfield></datafield><datafield ind1=" " ind2=" " tag="100"><subfield code="a">Hall, H.E</subfield></datafield><datafield ind1=" " ind2=" " tag="245"><subfield code="a">Solid states physics</subfield></datafield><datafield ind1=" " ind2=" " tag="260"><subfield code="a">London, John Wiley &amp; Sons Ltd., 1974. Xvii + 351 P</subfield></datafield><datafield ind1=" " ind2=" " tag="490"><subfield code="a">The Manchester Physics Series</subfield></datafield><datafield ind1=" " ind2=" " tag="852"><subfield code="a">42435</subfield></datafield></record></collection>